@book{pva,
  author = {{Calum Iain Munro}},
  title  = {{Plan van Aanpak - Afstudeerproject: Allianz}},
  year   = 2018,
}
@book{onderzoeksverslag,
  author = {{Calum Iain Munro}},
  title  = {{Onderzoeksverslag - Blockchain}},
  year   = 2018,
}
@book{swa11,
  author = {{Uwe van Heesch}},
  title  = {{Software Architecture Course slides 11}},
  year   = 2016,
}
@Misc{icaControl,
  author = {{Team Professional Skills, Hogeschool Arnhem Nijmegen}},
  title  = {{Controlekaart documenten ICA}},
  year   = 2014,
  month  = jun,
}
@Misc{afTut,
  author = {{Hogeschool Arnhem Nijmegen}},
  title  = {{Toelichting bij het schrijven van het afstudeerverslag bij het afstudeerproject in het profielenmodel}},
  year   = 2018
}
@online{studiegids,
  author = {{Informatica & Communicatie Academie, Hogeschool Arnhem Nijmegen}},
  title = {{Deel 1 - Studiegids HBO-ICT VT)}},
  volume = "2017-2018",
  pages = "47--47",
  year = 2017,
  url = {https://www1.han.nl/insite/ica/content/Onderwijsstatuut_2005_2006.xml_dir/OS_OER_2017-2018_ICA_deel_1_-_Studiegids_HBO-ICT_DEF.pdf}
}
